% Encoding: UTF-8

@Misc{bookexample,
 title = {Фамилия И.О. Название книги. — Город издательства: <<Издательство>>, Год. — Количество страниц.}
}

@Misc{wikiSeaBattle,
 title = {Морской бой [Электронный ресурс] Википедия — свободная энциклопедия. Режим доступа:
 \href{https://ru.wikipedia.org/wiki/%D0%9C%D0%BE%D1%80%D1%81%D0%BA%D0%BE%D0%B9_%D0%B1%D0%BE%D0%B9_(%D0%B8%D0%B3%D1%80%D0%B0)}{https://ru.wikipedia.org/wiki/%D0%9C%D0%BE%D1%80%D1%81%D0%BA%D0%BE%D0%B9_%D0%B1%D0%BE%D0%B9_(%D0%B8%D0%B3%D1%80%D0%B0)}.},
 urldate = {2024-03-10}
}

@Misc{wikiRUC,
  title = {Си (язык программирования) [Электронный ресурс] Википедия — свободная энциклопедия. Режим доступа:\href{https://ru.wikipedia.org/wiki/%D0%A1%D0%B8_(%D1%8F%D0%B7%D1%8B%D0%BA_%D0%BF%D1%80%D0%BE%D0%B3%D1%80%D0%B0%D0%BC%D0%BC%D0%B8%D1%80%D0%BE%D0%B2%D0%B0%D0%BD%D0%B8%D1%8F)}{https://ru.wikipedia.org/wiki/%D0%A1%D0%B8_(%D1%8F%D0%B7%D1%8B%D0%BA_%D0%BF%D1%80%D0%BE%D0%B3%D1%80%D0%B0%D0%BC%D0%BC%D0%B8%D1%80%D0%BE%D0%B2%D0%B0%D0%BD%D0%B8%D1%8F)}.},
 urldate = {2024-03-10}
}

@Misc{wikiSDL2,
 title = {SDL2 Wiki [Электронный ресурс]. Режим доступа: \href{https://wiki.libsdl.org/SDL2/FrontPage}{https://wiki.libsdl.org/SDL2/FrontPage}.},
 urldate = {2024-03-10}
}

@Comment{jabref-meta: databaseType:biblatex;}
